@MANUAL{T19,
  author       = {Christopher Alan Tensmeyer},
  title        = {Deep Learning for Document Image Analysis},
  year         = {2019},
  month        = apr,
  note         = {\url{https://scholarsarchive.byu.edu/cgi/viewcontent.cgi?article=8389&context=etd}},
}

@MANUAL{G17,
  author       = {Aurelien Geron},
  title        = {Hands On Machine Learning with Scikit Learn and TensorFlow},
  year         = {2017},
  month        = march,
}

@MANUAL{B06,
  author       = {Christopher M. Bishop},
  title        = {Pattern Recognition and Machine Learning (Information Science and Statistics)},
  year         = {2006},
  month        = feb,
  note         = {\url{http://cds.cern.ch/record/998831}},
}

@MANUAL{S03,
  author       = {Mike Spykerman},
  title        = {Typical spam characteristics},
  year         = {2003},
  month        = unknown,
  note         = {\url{https://www.spamhelp.org/articles/Spam-filter-article.pdf}},
}

@MANUAL{RN16,
  author       = {Stuart J. Russell, Peter Norvig},
  title        = {Artificial Intelligence, A Modern Approach},
  year         = {2016},
  month        = unknown,
  note         = {\url{http://thuvien.thanglong.edu.vn:8081/dspace/handle/DHTL_123456789/4010}},
}

@MANUAL{KVVJ16,
  author       = {kahe, v-xiangz, v-shren, jiansun},
  title        = {Deep Residual Learning for Image Recognition},
  year         = {2016},
  month        = unknown,
  note         = {\url{http://openaccess.thecvf.com/content_cvpr_2016/html/He_Deep_Residual_Learning_CVPR_2016_paper.html}},
}

@MANUAL{LBH15,
  author       = {Yann LeCun, Yoshua Bengio, Geoffrey Hinton},
  title        = {Deep learning},
  year         = {2015},
  month        = may,
  note         = {\url{https://www.researchgate.net/publication/277411157_Deep_Learning}},
}

@MANUAL{C99,
  author       = {Douglas Crockford},
  title        = {ECMA-262 - ECMA International},
  year         = {1999},
  month        = december,
  note         = {\url{https://www.ecma-international.org/publications/files/ECMA-ST-ARCH/ECMA-262}},
}

@MANUAL{FZ09,
  author       = {Patrick Finger, Klaus Zeppenfeld},
  title        = {SOA und Webservices},
  year         = {2009},
  month        = unknown,
}

@MANUAL{M10,
  author       = {Ingo Melzer},
  title        = {Service-orientierte Architekturen mit Web Services},
  year         = {2010},
  month        = unknown,
}


@MANUAL{RJN95,
  author       = {Stephen V. Rice, Frank R. Jenkins, and Thomas A. Nartker},
  title        = {The Fourth Annual Test of OCR Accuracy},
  year         = {1995},
  month        = unknown,
  note         = {\url{http://stephenvrice.com/images/AT-1995.pdf}},
}

@MANUAL{BKL09,
  author       = {Steven Bird, Ewan Klein, Edward Loper},
  title        = {The Fourth Annual Test of OCR Accuracy},
  year         = {2009},
  month        = unknown,
}

@MANUAL{KGG02,
  author       = {Rangachar Kasturi, Lawrence O'Gorman, Venu Govindaraju },
  title        = {Document image analysis: A primer},
  year         = {2002},
  month        = february,
  note 		   = {\url{https://www.ias.ac.in/public/Volumes/sadh/027/01/0003-0022.pdf}},
}

@MANUAL{BW97,
  author       = {H. Bunke, P. S. P. Wang },
  title        = {Handbook of Character Recognition and Document Image Analysis},
  year         = {1997},
  month        = unknown,
}

@MANUAL{F00,
  author       = {Roy Fielding },
  title        = {Architectural Styles and the Design of Network-based Software Architectures},
  year         = {2000},
  month        = unknown,
  note 		   = {\url{https://www.ics.uci.edu/~fielding/pubs/dissertation/fielding_dissertation.pdf}},
}

@MANUAL{IEEE97,
  author       = {Institute of Electrical and Electronics Engineers},
  title        = {Ninth International Conference on Document Analysis and Recognition},
  year         = {2007},
  month        = unknown,
}

@MANUAL{CW11,
  author       = {Ronan Collobert, Jason Weston},
  title        = {Natural Language Processing (Almost) from Scratch},
  year         = {2011},
  month        = august,
  note 		   = {\url{http://www.jmlr.org/papers/volume12/collobert11a/collobert11a.pdf}},
}

@MANUAL{B03,
  author       = {Thomas M. Breuel},
  title        = {High Performance Document Layout Analysis},
  year         = {2003},
  month        = unkown,
}

@MANUAL{A10,
  author       = {V. Srividhya, R. Anitha},
  title        = {Evaluating Preprocessing Techniques in Text Categorization},
  year         = {2010},
  month        = unkown,
}

@MANUAL{R03,
  author       = {Juan Ramos},
  title        = {Using TF-IDF to Determine Word Relevance in Document Queries},
  year         = {2003},
  month        = unkown,
}

@MANUAL{RS03,
  author       = {Jason Rennie,Lawrence Shih},
  title        = {Tackling the Poor Assumptions of Naive Bayes Text Classifiers},
  year         = {2003},
  month        = unkown,
}

@MANUAL{M08,
  author       = {Christopher D. Manning},
  title        = {Tackling the Poor Assumptions of Naive Bayes Text Classifiers},
  year         = {2008},
  month        = unkown,
  note 		   = {\url{https://nlp.stanford.edu/IR-book/html/htmledition/naive-bayes-text-classification-1.html}},
}


@MANUAL{LF98,
  author       = {Landauer, Foltz},
  title        = {Introduction to Latent Semantic Analysis},
  year         = {1998},
  note 		   = {\url{http://lsa.colorado.edu/whatis.html}},
}

@MANUAL{NL01,
  author       = {Natural Language Processing Centre},
  title        = {Syntactic Analysis},
  year         = {2001},
  note 		   = {\url{https://nlp.fi.muni.cz/en/MainTopics}},
}

@MANUAL{SSB14,
  author       = {Hasim Sak, Andrew Senior, Francoise Beaufays},
  title        = {Long Short-Term Memory Recurrent Neural Network Architectures for Large Scale Acoustic Modeling},
  year         = {2014},
  note 		   = {\url{https://storage.googleapis.com/pub-tools-public-publication-data/pdf/43905.pdf}},
}

@MANUAL{S10,
  author       = {Ghazali Sulong},
  title        = {A Survey on Methods and Strategies on Touched Characters Segmentation},
  year         = {2010},
  month        = january,
  note 		   = {\url{https://www.researchgate.net/figure/Flow-diagram-of-traditional-OCR-system_fig1_266584079}},
}

@MANUAL{LR09,
  author       = {Bernhard Lahres, Gregor Rayman},
  title        = {Objektorientierte Programmierung},
  year         = {2009},
  month        = march,
  note 		   = {\url{http://openbook.rheinwerk-verlag.de/oop/oop_kapitel_08_002.htm}},
}

@MANUAL{P,
  author       = {Helmut Petritsch},
  title        = {Service-Oriented Architecture (SOA) vs. Component Based Architecture},
  note 		   = {\url{http://www.petritsch.co.at/download/SOA_vs_component_based.pdf}},
}



